<Doc xmlns:gs2="http://www.greenstone.org/gs2" file="HASH7c57\5f57a57c\fb45ab00\33s47.dir\doc.xml"  gs2:docOID="HASH7c575f57a57cfb45ab0033s47" gs2:mode="add">

<Sec  gs2:docOID="HASH7c575f57a57cfb45ab0033s47" gs2:mode="add">
&lt;pre&gt;
 LDR 01241njm  22003017a 4500
001     5778143
005     19960316050636.3
007     sdubsmennmplue
008     960315s1964    xx uun              eng  
035    _9 (DLC)   96791979
906    _a 7
       _b cbc
       _c orignew
       _d 3
       _e ncip
       _f 19
       _g y-genmusic
955    _a vn23
010    _a    96791979 
028 00 _a 2 WRMB 326
       _b Wizardo Records
035    _a (OCoLC)34373380 
040    _a DLC
       _c DLC
050 00 _a Wizardo Records 2 WRMB 326
245 00 _a Words of love
       _h [sound recording].
260    _a [S.l.] :
       _b Wizardo Records,
       _c [1964]
300    _a 1 sound disc :
       _b analog, 33 1/3 rpm, stereo. ;
       _c 12 in.
511 0  _a Performed by the Beatles.
505 0  _a Love me do -- Please please me -- From me to you -- I saw
 her standing there -- Misery -- Do you want to know a secret --
 There's a place -- Anna -- Chains -- Boys -- She loves you --
 Till there was you -- Roll over Beethoven -- You really got a
 hold on me -- She's got the devil in her heart -- Money -- Long
 tall Sally -- Honey don't -- Kansas City -- Words of love.
500    _a Brief record.
650  0 _a Rock music
       _y 1961-1970.
710 2  _a Beatles.
       _4 prf
953    _a TA28
985    _a 9603
991    _b c-RecSound
       _h Wizardo Records 2 WRMB 326
       _w MUSIC
&lt;/pre&gt;
 
</Sec>


</Doc>
